\listfiles
\RequirePackage{filecontents}

\begin{filecontents*}{bibfile.bib}

@article{saha2020change,
  title={Change detection in image time-series using unsupervised {LSTM}},
  author={Saha, Sudipan and Bovolo, Francesca and Bruzzone, Lorenzo},
  journal={IEEE Geoscience and Remote Sensing Letters},
  year={2020},
}

@article{quin2014mimosa,
  title={{MIMOSA}: An automatic change detection method for SAR time series},
  author={Quin, Guillaume and Pinel-Puyssegur, Beatrice and Nicolas, Jean-Marie and Loreaux, Philippe},
  journal={IEEE Transactions on Geoscience and Remote Sensing},
  volume={52},
  number={9},
  pages={5349--5363},
  year={2014},
}

@article{celik2010change,
  title={Change detection in satellite images using a genetic algorithm approach},
  author={Celik, Turgay},
  journal={IEEE Geoscience and Remote Sensing Letters},
  volume={7},
  number={2},
  pages={386--390},
  year={2010},
}

@article{bruzzone2000automatic,
  title={Automatic analysis of the difference image for unsupervised change detection},
  author={Bruzzone, Lorenzo and Prieto, Diego F},
  journal={IEEE Transactions on Geoscience and Remote Sensing},
  volume={38},
  number={3},
  pages={1171--1182},
  year={2000},
}

@article{kittler1986minimum,
  title={Minimum error thresholding},
  author={Kittler, Josef and Illingworth, John},
  journal={Pattern Recognition},
  volume={19},
  number={1},
  pages={41--47},
  year={1986},
}

@article{otsu1979threshold,
  title={A threshold selection method from gray-level histograms},
  author={Otsu, Nobuyuki},
  journal={IEEE Transactions on Systems, Man, and Cybernetics},
  volume={9},
  number={1},
  pages={62--66},
  year={1979},
}

@incollection{coifman1995translation,
  title={Translation-invariant de-noising},
  author={Coifman, Ronald R and Donoho, David L},
  booktitle={Wavelets and statistics},
  pages={125--150},
  year={1995},
  publisher={Springer},
  editor = {Antoniadis, Anestis and Oppenheim, Georges},
  address = {New York},
}

@article{zhang2017beyond,
  title={Beyond a {G}aussian denoiser: Residual learning of deep {CNN} for image denoising},
  author={Zhang, Kai and Zuo, Wangmeng and Chen, Yunjin and Meng, Deyu and Zhang, Lei},
  journal={IEEE transactions on image processing},
  volume={26},
  number={7},
  pages={3142--3155},
  year={2017},
}

@article{ansari2020urban,
  title={Urban change detection analysis utilizing multiresolution texture features from polarimetric {SAR} images},
  author={Ansari, Rizwan Ahmed and Buddhiraju, Krishna Mohan and Malhotra, Rakesh},
  journal={Remote Sensing Applications: Society and Environment},
  volume={20},
  pages={100418},
  year={2020},
}

@article{atto2012multidate,
  title={Multidate divergence matrices for the analysis of {SAR} image time series},
  author={Atto, Abdourrahmane Mahamane and Trouv{\'e}, Emmanuel and Berthoumieu, Yannick and Mercier, Gr{\'e}goire},
  journal={IEEE Transactions on Geoscience and Remote Sensing},
  volume={51},
  number={4},
  pages={1922--1938},
  year={2012},
}

@article{atto2016wavelet,
  title={Wavelet operators and multiplicative observation modelsâ€”Application to {SAR} image time-series analysis},
  author={Atto, Abdourrahmane Mahamane and Trouv{\'e}, Emmanuel and Nicolas, Jean-Marie and L{\^e}, Thu Trang},
  journal={IEEE Transactions on Geoscience and Remote Sensing},
  volume={54},
  number={11},
  pages={6606--6624},
  year={2016},
}

@InCollection{ban2016change,
author = {Ban, Yifang and Yousif, Osama},
title = {Change detection techniques: A review},
booktitle = {Multitemporal Remote Sensing},
pages = {19--43},
publisher={Springer},
year = {2016},
editor = {Ban, Yifang},
address = {Cham},
}

@inproceedings{barreto2016deforestation,
  title={Deforestation change detection using high-resolution multi-temporal {X}-Band {SAR} images and supervised learning classification},
  author={Barreto, Thiago LM and Rosa, Rafael AS and Wimmer, Christian and Nogueira, Jo{\~a}o B and Almeida, Jurandy and Cappabianco, F{\'a}bio Augusto Menocci},
  booktitle={2016 IEEE International Geoscience and Remote Sensing Symposium (IGARSS)},
  pages={5201--5204},
  year={2016},
  address = {Beijing, China},
  organization={IEEE}
}

@inproceedings{bouhlel2015multivariate,
  title={Multivariate statistical modeling for multi-temporal {SAR} change detection using wavelet transforms},
  author={Bouhlel, Nizar and Ginolhac, Guillaume and Jolibois, Eric and Atto, Abdourrahmane},
  booktitle={2015 8th International Workshop on the Analysis of Multitemporal Remote Sensing Images (Multi-Temp)},
  pages={1--4},
  year={2015},
  address = {Annecy, France},
  organization={IEEE}
}

@article{bovolo2015time,
  title={The time variable in data fusion: A change detection perspective},
  author={Bovolo, Francesca and Bruzzone, Lorenzo},
  journal={IEEE Geoscience and Remote Sensing Magazine},
  volume={3},
  number={3},
  pages={8--26},
  year={2015},
}

@article{celik2009multiscale,
  title={Multiscale change detection in multitemporal satellite images},
  author={Celik, Turgay},
  journal={IEEE Geoscience and Remote Sensing Letters},
  volume={6},
  number={4},
  pages={820--824},
  year={2009},
}

@article{chen2020change,
  title={Change Detection Algorithm for Multi-Temporal Remote Sensing Images Based on Adaptive Parameter Estimation},
  author={Chen, Yu and Ming, Zutao and Menenti, Massimo},
  journal={IEEE Access},
  volume={8},
  pages={106083--106096},
  year={2020},
}

@article{cui2012statistical,
  title={Statistical wavelet subband modeling for multi-temporal {SAR} change detection},
  author={Cui, Shiyong and Datcu, Mihai},
  journal={IEEE Journal of Selected Topics in Applied Earth Observations and Remote Sensing},
  volume={5},
  number={4},
  pages={1095--1109},
  year={2012},
}

@article{du2019unsupervised,
  title={Unsupervised deep slow feature analysis for change detection in multi-temporal remote sensing images},
  author={Du, Bo and Ru, Lixiang and Wu, Chen and Zhang, Liangpei},
  journal={IEEE Transactions on Geoscience and Remote Sensing},
  volume={57},
  number={12},
  pages={9976--9992},
  year={2019},
}

@book{fan2020statistical,
  title={Statistical Foundations of Data Science},
  author={Fan, Jianqing and Li, Runze and Zhang, Cun-Hui and Zou, Hui},
  year={2020},
  address={Boca Raton},
  publisher={CRC Press}
}

@article{hou2014unsupervised,
  title={Unsupervised change detection in {SAR} image based on {G}auss-log ratio image fusion and compressed projection},
  author={Hou, Biao and Wei, Qian and Zheng, Yaoguo and Wang, Shuang},
  journal={IEEE Journal of Selected Topics in Applied Earth Observations and Remote Sensing},
  volume={7},
  number={8},
  pages={3297--3317},
  year={2014},
}

@article{jia2018novel,
  title={Novel class-relativity non-local means with principal component analysis for multitemporal {SAR} image change detection},
  author={Jia, Meng and Wang, Lei},
  journal={International Journal of Remote Sensing},
  volume={39},
  number={4},
  pages={1068--1091},
  year={2018},
}

@article{johnstone2009statistical,
  title={Statistical challenges of high-dimensional data},
  author={Johnstone, Iain M and Titterington, D Michael},
  year={2009},
  journal={Philosophical Transactions of the Royal Society A},
  volume={367},
  pages={4237--4253},
}

@article{li2012multitemporal,
  title={Multitemporal image change detection using a detail-enhancing approach with nonsubsampled contourlet transform},
  author={Li, Shutao and Fang, Leyuan and Yin, Haitao},
  journal={IEEE Geoscience and Remote Sensing Letters},
  volume={9},
  number={5},
  pages={836--840},
  year={2012},
}

@inproceedings{lim2018change,
  title={Change detection in high resolution satellite images using an ensemble of convolutional neural networks},
  author={Lim, Kyungsun and Jin, Dongkwon and Kim, Chang-Su},
  booktitle={2018 Asia-Pacific Signal and Information Processing Association Annual Summit and Conference (APSIPA ASC)},
  pages={509--515},
  year={2018},
  address={Honolulu, USA},
  organization={IEEE}
}

@article{liu2019review,
  title={A review of change detection in multitemporal hyperspectral images: Current techniques, applications, and challenges},
  author={Liu, Sicong and Marinelli, Daniele and Bruzzone, Lorenzo and Bovolo, Francesca},
  journal={IEEE Geoscience and Remote Sensing Magazine},
  volume={7},
  number={2},
  pages={140--158},
  year={2019},
}

@inproceedings{matsunaga2017current,
  title={Current status of hyperspectral imager suite ({HISUI}) onboard {I}nternational {S}pace {S}tation ({ISS})},
  author={Matsunaga, Tsuneo and Iwasaki, Akira and Tsuchida, Satoshi and Iwao, Koki and Tanii, Jun and Kashimura, Osamu and Nakamura, Ryosuke and Yamamoto, Hirokazu and Kato, Soushi and Obata, Kenta and Mouri, Koichiro and Tachikawa, Tetsushi},
  booktitle={2017 IEEE International Geoscience and Remote Sensing Symposium (IGARSS)},
  pages={443--446},
  year={2017},
  address={Fort Worth, USA},
  organization={IEEE}
}

@book{morettin2017wavelets,
  title={Wavelets in Functional Data Analysis},
  author={Morettin, Pedro A and Pinheiro, Alu{\'\i}sio and Vidakovic, Brani},
  year={2017},
  address={Cham},
  publisher={Springer}
}

@book{moser2018mathematical,
  title={Mathematical Models for Remote Sensing Image Processing},
  author={Moser, Gabriele and Zerubia, Josiane},
  year={2018},
  address={Cham},
  publisher={Springer}
}

@article{ru2021multi,
  title={Multi-Temporal Scene Classification and Scene Change Detection with Correlation based Fusion},
  author={Ru, Lixiang and Du, Bo and Wu, Chen},
  journal={IEEE Transactions on Image Processing},
  volume={30},
  pages={1382--1394},
  year={2021},
}

@article{song2018multi,
  title={Multi-scale feature based land cover change detection in mountainous terrain using multi-temporal and multi-sensor remote sensing images},
  author={Song, Fei and Yang, Zhuoqian and Gao, Xueyan and Dan, Tingting and Yang, Yang and Zhao, Wanjing and Yu, Rui},
  journal={IEEE Access},
  volume={6},
  pages={77494--77508},
  year={2018},
}

@article{teng2008hypothesis,
  title={Hypothesis-test-based landcover change detection using multi-temporal satellite images--A comparative study},
  author={Teng, SP and Chen, YK and Cheng, KS and Lo, HC},
  journal={Advances in Space Research},
  volume={41},
  number={11},
  pages={1744--1754},
  year={2008},
}

@book{vidakovic1999statistical,
  title={Statistical Modeling by Wavelets},
  author={Vidakovic, Brani},
  year={1999},
  address={New York},
  publisher={John Wiley \& Sons}
}


\end{filecontents*}
